<?xml version="1.0" encoding="UTF-8"?><record xmlns="http://www.loc.gov/MARC21/slim" xmlns:cinclude="http://apache.org/cocoon/include/1.0" xmlns:zs="http://www.loc.gov/zing/srw/">
  <leader>01336cz  a2200241n  4500</leader>
  <controlfield tag="001">no2012138007</controlfield>
  <controlfield tag="003">DLC</controlfield>
  <controlfield tag="005">20121223112310.0</controlfield>
  <controlfield tag="008">121022n| azannaabn          |a ana      </controlfield>
  <datafield tag="010" ind1=" " ind2=" ">
    <subfield code="a">no2012138007</subfield>
  </datafield>
  <datafield tag="035" ind1=" " ind2=" ">
    <subfield code="a">(OCoLC)oca09330342</subfield>
  </datafield>
  <datafield tag="035" ind1=" " ind2=" ">
    <subfield code="a">(Uk)008611253</subfield>
  </datafield>
  <datafield tag="040" ind1=" " ind2=" ">
    <subfield code="a">DLC-S</subfield>
    <subfield code="b">eng</subfield>
    <subfield code="c">DLC-S</subfield>
    <subfield code="e">rda</subfield>
    <subfield code="d">Uk</subfield>
  </datafield>
  <datafield tag="046" ind1=" " ind2=" ">
    <subfield code="s">19940326</subfield>
  </datafield>
  <datafield tag="110" ind1="2" ind2=" ">
    <subfield code="a">Catholic Church.</subfield>
    <subfield code="b">Archdiocese of Ibadan (Nigeria)</subfield>
  </datafield>
  <datafield tag="370" ind1=" " ind2=" ">
    <subfield code="c">Nigeria</subfield>
    <subfield code="e">Ibadan, Nigeria</subfield>
  </datafield>
  <datafield tag="377" ind1=" " ind2=" ">
    <subfield code="a">eng</subfield>
  </datafield>
  <datafield tag="410" ind1="1" ind2=" ">
    <subfield code="a">Ibadan (Nigeria : Archdiocese : Catholic Church)</subfield>
  </datafield>
  <datafield tag="410" ind1="2" ind2=" ">
    <subfield code="a">Catholic Church.</subfield>
    <subfield code="b">Metropolitan Archdiocese of Ibadan (Nigeria)</subfield>
  </datafield>
  <datafield tag="510" ind1="2" ind2=" ">
    <subfield code="w">a</subfield>
    <subfield code="a">Catholic Church.</subfield>
    <subfield code="b">Diocese of Ibadan (Nigeria)</subfield>
  </datafield>
  <datafield tag="670" ind1=" " ind2=" ">
    <subfield code="a">Justice, Development &amp; Peace Commission, Ibadan. Annual report, 2006:</subfield>
    <subfield code="b">t.p. (Catholic Archdiocese of Ibadan, Nigeria)</subfield>
  </datafield>
  <datafield tag="670" ind1=" " ind2=" ">
    <subfield code="a">Its Website, viewed 22 October 2012:</subfield>
    <subfield code="b">home page (at head of page: Catholic Archdiocese of Ibadan) "The Archdiocese" page (section heading: From Diocese to Archdioces [sic] of Ibadan [no text])</subfield>
  </datafield>
  <datafield tag="670" ind1=" " ind2=" ">
    <subfield code="a">GCatholic.com, viewed 22 October 2012:</subfield>
    <subfield code="b">"Metropolitan Archdiocese of Ibadan, Nigeria" page (history: 1952.03.13: Established as Apostolic Prefecture of Ibadan, from Metropolitan Archdiocese of Lagos [no publs. in LC database]; 1958.04.28: Promoted as Diocese of Ibadan; 1994.03.26: Promoted as Metropolitan Archdiocese of Ibadan)</subfield>
  </datafield>
</record>